@article{vandermatten2008,
  author  = {Laurens van der Maaten and Geoffrey Hinton},
  title   = {Visualizing Data using t-SNE},
  journal = {Journal of Machine Learning Research},
  year    = {2008},
  volume  = {9},
  number  = {86},
  pages   = {2579--2605},
  url     = {http://jmlr.org/papers/v9/vandermaaten08a.html}
}

@inproceedings{hinton2002,
 author = {Hinton, Geoffrey E and Roweis, Sam},
 booktitle = {Advances in Neural Information Processing Systems},
 editor = {S. Becker and S. Thrun and K. Obermayer},
 pages = {},
 publisher = {MIT Press},
 title = {Stochastic Neighbor Embedding},
 url = {https://proceedings.neurips.cc/paper/2002/file/6150ccc6069bea6b5716254057a194ef-Paper.pdf},
 volume = {15},
 year = {2002}
}

 @article{policar2021, title={Embedding to reference t-SNE space addresses batch effects in single-cell classification}, ISSN={0885-6125, 1573-0565}, url={https://link.springer.com/10.1007/s10994-021-06043-1}, DOI={10.1007/s10994-021-06043-1}, journal={Machine Learning}, author={Poličar, Pavlin G. and Stražar, Martin and Zupan, Blaž}, year={2021}, month={Aug}, language={en} }


 @article{fraley2002, 
     title={Model-Based Clustering, Discriminant Analysis, and Density Estimation}, 
     volume={97}, 
     ISSN={0162-1459, 1537-274X}, 
     url= {http://www.tandfonline.com/doi/abs/10.1198/016214502760047131},
     DOI={10.1198/016214502760047131}, 
     number={458}, 
     journal={Journal of the American Statistical Association}, 
     author={Fraley, Chris and Raftery, Adrian E}, 
     year={2002}, \
     month={Jun}, 
     pages={611–631}, 
     language={en} 
}

@inproceedings{macqueen1967,
  title={Classification and analysis of multivariate observations},
  author={MacQueen, J},
  booktitle={5th Berkeley Symp. Math. Statist. Probability},
  pages={281--297},
  year={1967}
}

@article{krizhevsky2009,
  title={Learning multiple layers of features from tiny images},
  author={Krizhevsky, Alex and Hinton, Geoffrey and others},
  year={2009},
  publisher={Toronto, ON, Canada}
}

 @article{deng2012, 
 title={The MNIST Database of Handwritten Digit Images for Machine Learning Research [Best of the Web]}, 
 volume={29}, 
 ISSN={1053-5888}, 
 url={http://ieeexplore.ieee.org/document/6296535/}, 
 DOI={10.1109/MSP.2012.2211477}, 
 number={6}, 
 journal={IEEE Signal Processing Magazine}, 
 author={Li Deng}, 
 year={2012}, 
 month={Nov}, 
 pages={141–142} 
}

@article{sammon1969, title={A Nonlinear Mapping for Data Structure Analysis}, volume={C–18}, ISSN={0018-9340}, url={http://ieeexplore.ieee.org/document/1671271/}, DOI={10.1109/T-C.1969.222678}, number={5}, journal={IEEE Transactions on Computers}, author={Sammon, J.W.}, year={1969}, month={May}, pages={401–409} }

 @article{tenenbaum2000, title={A Global Geometric Framework for Nonlinear Dimensionality Reduction}, volume={290}, ISSN={0036-8075, 1095-9203}, url={https://www.science.org/doi/10.1126/science.290.5500.2319}, DOI={10.1126/science.290.5500.2319}, number={5500}, journal={Science}, author={Tenenbaum, Joshua B. and Silva, Vin de and Langford, John C.}, year={2000}, month={Dec}, pages={2319–2323}, language={en} }

 @article{roweis2000, title={Nonlinear Dimensionality Reduction by Locally Linear Embedding}, volume={290}, ISSN={0036-8075, 1095-9203}, url={https://www.science.org/doi/10.1126/science.290.5500.2323}, DOI={10.1126/science.290.5500.2323}, abstractNote={Many areas of science depend on exploratory data analysis and visualization. The need to analyze large amounts of multivariate data raises the fundamental problem of dimensionality reduction: how to discover compact representations of high-dimensional data. Here, we introduce locally linear embedding (LLE), an unsupervised learning algorithm that computes low-dimensional, neighborhood-preserving embeddings of high-dimensional inputs. Unlike clustering methods for local dimensionality reduction, LLE maps its inputs into a single global coordinate system of lower dimensionality, and its optimizations do not involve local minima. By exploiting the local symmetries of linear reconstructions, LLE is able to learn the global structure of nonlinear manifolds, such as those generated by images of faces or documents of text.}, number={5500}, journal={Science}, author={Roweis, Sam T. and Saul, Lawrence K.}, year={2000}, month={Dec}, pages={2323–2326}, language={en} }

@inproceedings{ester1996, title={A density-based algorithm for discovering clusters in large spatial databases with noise.}, volume={96}, booktitle={kdd}, author={Ester, Martin and Kriegel, Hans-Peter and Sander, Jörg and Xu, Xiaowei and others}, year={1996}, pages={226–231} }


@article{lecun1998,
  title={The MNIST database of handwritten digits},
  author={LeCun, Yann},
  journal={http://yann. lecun. com/exdb/mnist/},
  year={1998}
}

@article{johnson1967, title={Hierarchical clustering schemes}, volume={32}, ISSN={0033-3123, 1860-0980}, url={http://link.springer.com/10.1007/BF02289588}, DOI={10.1007/BF02289588}, number={3}, journal={Psychometrika}, author={Johnson, Stephen C.}, year={1967}, month={Sep}, pages={241–254}, language={en} }
